@misc{TblProposal,
author="{T. Berners-Lee}",
title="{Information Management: A Proposal}",
howpublished="{CERN} internal proposal",
year=1989,
month=mar,
url="http://www.w3.org/History/1989/proposal.html",
}

@misc{TblWWW,
author="{T. Berners-Lee} and R. Cailliau",
title="{WorldWideWeb: Proposal for a HyperText Project}",
howpublished="{CERN} internal proposal",
year=1990,
month=Nov,
url="http://www.w3.org/Proposal.html"
}

@misc{HistoryWWW,
author="R. Cailliau",
title="{A Little History of the World Wide Web}",
year=1995,
url="http://www.w3.org/History.html"
}

@article{Bush45,
author="V. Bush",
month=jul,
year=1945,
title="{As We May Think}",
journal="{The Atlantic Monthly}",
volume={176},
number={1},
pages={101--108},
}

@TECHREPORT{HTTP11,
AUTHOR="R. Fielding and J. Gettys and J. C. Mogul and H. Frystyk and L. Masinter and P. J. Leach and T. Berners-Lee",
TITLE="{Hypertext Transfer Protocol -- HTTP/1.1}",
TYPE="RFC",
HOWPUBLISHED = {Internet Requests for Comments},
PUBLISHER = "{RFC Editor}",
INSTITUTION = "{RFC Editor}",
NUMBER=2616,
PAGES=176,
DAYS=15,
MONTH=jun,
YEAR=1999,
URL="http://www.rfc-editor.org/rfc/rfc2616.txt"
}

@TECHREPORT{HTML20,
AUTHOR="T. Berners-Lee and D. Connolly",
TITLE="{Hypertext Markup Language -- 2.0}",
TYPE="RFC",
HOWPUBLISHED = {Internet Requests for Comments},
PUBLISHER = "{RFC Editor}",
INSTITUTION = "{RFC Editor}",
NUMBER=1866,
PAGES=77,
DAYS=15,
MONTH=nov,
YEAR=1995,
URL="http://www.rfc-editor.org/rfc/rfc1866.txt"
}

@TECHREPORT{CGI11,
AUTHOR="D. Robinson and K. Coar",
TITLE="{The Common Gateway Interface (CGI) Version 1.1}",
TYPE="RFC",
HOWPUBLISHED = {Internet Requests for Comments},
PUBLISHER = "{RFC Editor}",
INSTITUTION = "{RFC Editor}",
NUMBER=3875,
MONTH=oct,
YEAR=2004,
URL="http://www.rfc-editor.org/rfc/rfc3875.txt"
}

@techreport(HTTPState,
author="A. Barth and U.C. Berkeley",
title="{HTTP State Management Mechanism}",
type="RFC",
howpublished = {Internet Requests for Comments},
publisher = "{RFC Editor}",
institution = "{RFC Editor}",
number=6265,
month=apr,
year=2011,
url="http://www.rfc-editor.org/rfc/rfc6265.txt"
}

@techreport{XHR2,
  author      = "Anne van Kesteren",
  title       = "{XMLHttpRequest Level 2}",
  month       = jan,
  year        = 2012,
  type        = "{W3C} Working Draft",
  institution = "W3C",
  url         = "http://www.w3.org/TR/2012/WD-XMLHttpRequest-20120117/"
}

@techreport{HTML5,
author="I. Hickson and R. Berjon and S. Faulkner and T. Leithead and E.D. Navara and E. O'Connor and S. Pfeiffer",
title="{HTML5}: A vocabulary and associated {APIs} for {HTML} and {XHTML}",
day=16,
month=sep,
year=2014,
type="{W3C Proposed Recommendation}",
institution="W3C",
url="http://www.w3.org/TR/2014/PR-html5-20140916/"
}

@techreport{ECMAScript51,
title="{ECMAScript® Language Specification}",
month=jun,
year=2011,
type="{Standard}",
number="{ECMA-262 Edition 5.1}",
institution="{Ecma International}",
publisher="{Ecma International}",
url="http://www.ecma-international.org/publications/standards/Ecma-262.htm"
}

@techreport{DOM3,
  author      = "A. Le Hors and P. Le Hégaret and L. Wood and G. Nicol and J. Robie and M. Champion and S. Byrne",
  title       = "{Document Object Model (DOM) Level 3 Core Specification}",
  month       = apr,
  year        = 2004,
  type        = "{W3C Recommendation}",
  institution = "W3C",
  url         = "http://www.w3.org/TR/2004/REC-DOM-Level-3-Core-20040407/"
}

@book{BoV,
author="M. Grönroos",
title="{Book of Vaadin}",
edition="{Vaadin 7}",
publisher="Vaadin Ltd",
isbn="978-952-93-1970-1",
year=2013,
month=apr
}

@techreport{Servlet24,
author="D. Coward and Y. Yoshida",
title="{Java™ Servlet 2.4 Specification}",
institution="{Sun Microsystems, Inc.}",
type="{JSR}",
number="154",
year=2003,
month=nov,
url="https://jcp.org/aboutJava/communityprocess/final/jsr154/",
}

@techreport{Servlet30,
author="R. Mordani",
title="{Java™ Servlet Specification, version 3.0}",
institution="{Sun Microsystems, Inc.}",
type="{JSR}",
number="315",
year=2009,
month=dec,
url="https://jcp.org/aboutJava/communityprocess/final/jsr154/"
}

@book{GoF,
author="E. Gamma and R. Helm and R. Johnson and J. Vlissides",
title="{Design Patterns: Elements of Reusable Object-Oriented Software}",
publisher="{Addison-Wesley}",
isbn="0-201-63361-2",
year=1994,
month=oct
}

@INPROCEEDINGS{Leff2001,
author={Leff, A. and Rayfield, J.T.},
booktitle={Enterprise Distributed Object Computing Conference, 2001. EDOC '01. Proceedings. Fifth IEEE International},
title="{Web-application development using the Model/View/Controller design pattern}",
year={2001},
month={},
pages={118-127},
keywords={Internet;Java;client-server systems;distributed object management;information resources;address space;client/server architectures;design pattern;flexible web-application partitioning;interactive application;interactive software systems;model/view controller design pattern;partitioning decisions;programming model;Displays;Environmental factors;HTML;Java;Network servers;Security},
doi={10.1109/EDOC.2001.950428}
}

@article{Conallen1999,
 author = {Conallen, J.},
 title = "{Modeling Web Application Architectures with UML}",
 journal = {Commun. ACM},
 issue_date = {Oct. 1999},
 volume = {42},
 number = {10},
 month = oct,
 year = {1999},
 issn = {0001-0782},
 pages = {63--70},
 numpages = {8},
 url = {http://doi.acm.org/10.1145/317665.317677},
 doi = {10.1145/317665.317677},
 acmid = {317677},
 publisher = {ACM},
 address = {New York, NY, USA},
}

@book{Fowler2002,
 author = {Fowler, M.},
 title = {Patterns of Enterprise Application Architecture},
 year = {2002},
 isbn = {0321127420},
 publisher = {Addison-Wesley Longman Publishing Co., Inc.},
 address = {Boston, MA, USA},
} 

@INPROCEEDINGS{Jazayeri2007,
author={Jazayeri, M.},
booktitle={Future of Software Engineering, 2007. FOSE '07},
title="{Some Trends in Web Application Development}",
year={2007},
month={May},
pages={199-213},
keywords={Internet;online front-ends;software engineering;Web Internet infrastructure;Web application development;Web browser;World Wide Web;software engineering;Access protocols;Application software;Collaboration;Informatics;Internet;Multimedia databases;Software engineering;Software standards;Standards development;Web sites},
doi={10.1109/FOSE.2007.26},
}

@book{Shklar2009,
author={L. Shklar and R. Rosen},
title = "{Web Application Architecture: Principles, Protocols and Practices}",
publisher ={Wiley},
isbn = {978-0470518601},
edition="2nd",
year=2009,
month=apr
}

@book{MS2009,
author="{Microsoft Patterns \& Practices Team}",
title="{Microsoft® Application Architecture Guide (Patterns \& Practices)}",
publisher="{Microsoft Press}",
edition="2nd",
isbn="978-0735627109",
year=2009,
month=nov,
url="http://msdn.microsoft.com/en-us/library/ff650706.aspx"
}

@misc{Galli2003,
author="M. Galli and R. Soares and I. Oeschger",
title="{Inner-browsing extending the browser navigation paradigm}",
year=2003,
month=may,
url="https://developer.mozilla.org/en-US/docs/Inner-browsing_extending_the_browser_navigation_paradigm"
}
